% {{{  Sdf manual

@manual{HHKR92,
  author      = {J. Heering and P.R.H. Hendriks and P. Klint and J. Rekers},
  title       = {{T}he syntax definition formalism {SDF} -
                 reference manual},
  year        = {1992},
  note        = {Earlier version in {\it SIGPLAN Notices}, 24(11):43-75, 1989.}
}

# }}}
% {{{  ATerms (SPE)

@article{BJKO2000,
  author = {Brand, {M.G.J. van den} and Jong, H.A. de and Klint, P. and Olivier,
 P.A.},
  title       = {{E}fficient {A}nnotated {T}erms},
  year        = {2000},
  journal     = {{S}oftware -- {P}ractice \& {E}xperience},
  volume      = {30},
  pages       = {259-291}
}

# }}}
% {{{  Asf+Sdf Meta Environment

@article{Kli93,
   author       = {P. Klint},
   title        = {A meta-environment for generating programming environments},
   journal      = {ACM Transactions on Software Engineering and Methodology},
   volume       = {2},
   year         = {1993},
   pages        = {176--201}
}

# }}}
