
%{{{ Program slicing

@article{Kam95.overview,
  author      = "M. Kamkar",
  title       = "An Overview and Comparative Classification of Program
                 Slicing Techniques",
  journal =      "Journal of Systems and Software",
  year        = 1995,
  volume = 31,
  pages = "197--214"
}

@article{Tip95.survey,
  author = {Frank Tip},
  title = {A Survey of Program Slicing Techniques},
  volume = 3,
  year = 1995,
  journal = "Journal of Programming Languages",
  pages = {121--189}
}


@article{Wei84,
	author = {M. Weiser},
	title = {Program Slicing},
	journal = {IEEE Transactions on Software Engineering},
	volume = {SE-10(4)},
	pages = {352-357},
	year = {July 1994}
}

@article{KL88,
	author = {B.Korel and J.Laski},
	title = {Dynamic program slicing},
	journal = {Information Processing Letters},
	volume = {29(3)},
	pages = {155-163},
	year = {1988}
}

%}}}
%{{{ Debugging

@article{JS85,
	author = {W.L. Johnsen and E. Soloway},
	title = {Proust: Knowledge-based program understanding},
	journal = {IEEE Transactions on Software Engineering},
	volume = {SE-11(3)},
	pages = {267-275},
	year = {March 1985}
}

@inproceedings{Duc93,
	author = {Mireille Ducasse\'{e}},
	title = {A pragmatic survey of automated debugging},
	booktitle = {Automated and Algorithmic Debugging (AADEBUG'93)},
	volume = {749},
	series = {LNCS},
	editor = {Peter A. Fritzson},
	year = {1993},
	pages = {1-15},
	publisher = {Springer-Verlag}
}

@inproceedings{AY91,
	author = {D.K. Arvind and D. Yokotsuka},
	title = {Debugging concurrent programs using static
	analysis and run-time hardware monitoring},
	booktitle = {Third IEEE Symposium on Parallel and
	Distributed Processing},
	year = {1991},
	pages = {716-719},
	publisher = {IEEE Computer Society Press}
}

@article{BW83,
	key = {BW83},
	author = {Peter C. Bates and Jack C. Wileden},
	title = {High Level Debugging of Distributed
	Systems: The Behavioral Abstraction Approach},
	journal = {Journal of Systems and Software, 3(4)},
	pages = {394-399},
	year = {1983}
}

@inproceedings{BB83,
	key = {BB83},
	author = {Bert Beander},
	title = {An interactive, Symbolic, Multilingual Debugger},
	pages = {173-180},
	booktitle = { Symposium on High-Level Debugging, 1983},
	organization = {ACM SIGSOFT/SIGPLAN},
	year = {1983}
}

@usermanual{SP91,
	author = {R.M. Stallman and R.H. Pesch},
	title = {Using GDB: A guide to the GNU Source-Level Debugger},
	month = {July},
	year = {1991},
	version = {4.0},
	organization = {Free Software Foundation/Cygnus Support}
}

@inproceedings{Fo88,
	key = {Fo88},
	author = {Alessandro Forin},
	title = {Debugging of Heterogeneous Parallel Systems},
	pages = {130-140},
	booktitle = {Workshop on Parallel and Distributed
	Debugging, 1988},
	organization = {ACM},
	year = {1989}
}

@article{CBM90,
	key = {CBM90},
	author = {Wing Hong Cheung, James P. Black and Eric Manning},
	title = {A Framework for Distributed Debugging},
	journal = {IEEE Software},
	pages = {106-115},
	year = {1990}
}

@inproceedings{Ku95,
        key = {Ku95},
        author = {Thomas Kunz},
        title = {High-Level Views of Distributed Executions},
        booktitle = {Proceedings of the 2nd
		International Workshop on Automated and Algorithmic Debugging},
        year = {1995}
}
 

%}}}
%{{{ Survey on distributed debugging

%% Not complete yet, I need to look it up again:
@article{Fo,
	key = {Fo},
	author = {Alessandro Forin},
	title = {Debugging of Heterogenous Parallel Systems}
}

%}}}

%{{{ Software testing and evaluation

@book{DMM87,
	author = {R.A. DeMillo and W.M. McCracken and R.J. Martin and
		J.F. Passafiume},
	title = {Software testing and evaluation},
	publisher = {Benjamin/Cumming},
	year = {1987}
}

%}}}
%{{{ Linda

@inproceedings{Gel85,
	author = {D. Gelernter},
	title = {Generative Communication in Linda},
	booktitle = {ACM Transactions on Programming Languages and Systems},
	volume = {7(1)},
	year = {1985},
	pages = {80-112}
}

%}}}
%{{{ ToolBus

@inproceedings{BK96,
	author = {J.A. Bergstra and P. Klint},
	title = {The ToolBus Coordination Architecture},
	booktitle = {Coordination Languages and Models (COORDINATION)},
	volume = {1061},
	series = {LNCS},
	editor = {P. Ciancarini and C. Hankin},
	year = {1996},
	pages = {75-88},
	publisher = {Springer-Verlag}
}

@inproceedings{Ol96,
	author = {P.A. Olivier},
	title = {A simulator framework for embedded systems},
	booktitle = {Coordination Languages and Models (COORDINATION)},
	series = {LNCS},
	volume = {1061},
	editor = {P. Ciancarini and C. Hankin},
	year = {1996},
	pages = {436-439},
	publisher = {Springer-Verlag}
} 

@inproceedings{Ol97,
	author = {P.A. Olivier},
	title = {Debugging distributed applications using a coordination
                 architecture},
        booktitle = {Coordination Languages and Models (COORDINATION)},
        series = {LNCS},
        volume = {1061},
        editor = {D. Garlan and D. Le Metayer},
        year = {1997},
        pages = {98-114},
        publisher = {Springer-Verlag}
}

@inproceedings{BK96b,
	author = {J.A. Bergstra and P. Klint},
	title = {The Discrete Time ToolBus},
	booktitle = {Algebraic Methodology and Software Technology (AMAST'96)},
	year = {1996},
	pages = {286-305},
	volume = {1101},
	series = {LNCS},
	publisher = {Springer-Verlag}
}
 
@InProceedings{BKMO97,
  author =       "Brand, {M.G.J. van den} and T. Kuipers and L. Moonen and P. 
Olivier",
  title =        "Design and Implementation of a New ASF+SDF Meta-environment",
  booktitle =    "Proceedings of the Second International Workshop on the
                  Theory and Practice of Algebraic Specifications 
(ASF+SDF'97)",
  editor =       "A. Sellink",
  series =       "Workshops in Computing",
  publisher =    "Springer-Verlag",
  address =      "Amsterdam",
  year =         "1997",
  month =        nov,
  fileurl =      "http://www.springer.co.uk/ewic/",
  VSNU_TYPE =    {S},
  REFEREED =     {Y},
}

%}}}

%{{{ Process Algebra

@book{BW90,
        author =        {J.C.M. Baeten and W.P. Weijland},
        year =          1990,
        publisher =     {Cambridge University Press},
        series =        {Cambridge Tracts in Theoretical Computer Science 18},
        title =         {Process Algebra}
}

%}}}
%{{{ Memory management

@book{JL96,
	author = {R. Jones and R. Lins},
	title = {Garbage Collection: Algorithms for
		Automatic Dynamic Memory Management},
	year = {1996},
	publisher = {Wiley}
}
		  
@article{BW88,
	author = {H. Boehm and M. Weiser},
	title = {Garbage Collection in an Uncooperative Environment},
	year = {1988},
	journal = {Software - Practice and Experience (SPE)},
	volume = {18(9)},
	pages = {807-820}
}

@article{Bo93,
	author = {H. Boehm},
	title = {Space efficient conservative garbage collection},
	year = {1993},
	journal = {PLDI},
	pages = {197-206}
}

@article{Hu82,
	author = {R. J. M. Hughes},
	title = {A semi-incremental garbage collection algorithm},
	year = {1982},
	journal = {Software - Practice and Experience (SPE)},
	volume = {12(11)},
	pages = {1081-1084}
}
	
%}}}
%{{{ Hashing

@book{Knuth73,
	author = {D. Knuth},
	title = {The Art of Computer Programming, 
		volume 3: Sorting and Searching},
	year = {1973},
	publisher = {Addison-Wesley}
}

@article{Bo75,
	author = {D. Bobrow},
	title = {A Note on Hash Linking},
	year = {1975},
	journal = {Communications of the ACM},
	volume = {18(7)},
	pages={413-415}
}

%}}}
%{{{ Languages

@Book{Tcl/Tk,
  key =         {Ous94},
  author =      {John Ousterhout},
  title =       {Tcl and the Tk Toolkit},
  publisher =   {Addison-Wesley Publishing},
  year =        {1994}
}

@book{Java,
	author = {James Gosling and Bill Joy and Guy Steele},
	title = {The Java Language Specification},
	isbn = {0-201-63451-1},
	year = {1996},
	publisher = {Addison-Wesley}
}

@book{Python,
	key = {WRA96},
	author = {Aaron Watters, Guido van Rossum and James Ahlstrom},
	title = {Internet Programming with Python},
	publisher = {MIS Press/Henry Holt publishers},
	year = {1996}
}

@book{FH95,
  key =          {FH95},
  author =       {Christopher Fraser and David Hanson},
  title =        {A Retargetable C Compiler: Design and Implementation},
  publisher =    {The Benjamin/Cummings Publishing Company},
  year =         {1995}
}

@Book{KR88,
  key =          {KR88},
  author =       {Brian W. Kernighan and Dennis M. Ritchie},
  title =        {The {C} programming language},
  publisher =    {Prentice Hall},
  year =         {1988},
  edition =      {second}
}

@article{RST89,
        key    = {RST89},
        author = {R. Van Renesse, R. Van Staveren and A.S. Tanenbaum},
        journal = {Software -- Practice and Experience 19},
        title  = {Performance of the Amoeba Distributed Operating
                  System},
        year = {1989}
}
 
 
 

%}}}

@article{HHKR89,
  author      = {J. Heering and P. R. H. Hendriks and P. Klint and J. Rekers},
  title       = {{T}he syntax definition formalism {SDF} --- {R}eference manual}
,
  journal     = {SIGPLAN Notices},
  volume      = {24},
  number      = {11},
  pages       = {43--75},
  year        = {1989},
  note        = {Most recent version available at URL: http://www.cwi.nl/$\sim$g
ipe/}
}
 
@manual{HHKR92.new,
  author      = {J. Heering and P.R.H. Hendriks and P. Klint and J. Rekers},
  title       = {{T}he syntax definition formalism {SDF} -
                 reference manual},
  year        = {1992},
  note        = {Earlier version in {\it SIGPLAN Notices}, 24(11):43-75, 1989.}
}

@article{DK98, 
  author = 	 "Deursen, A. van and P. Klint",
  title = 	 "Little Languages: Little Maintenance?",
  journal = "Journal of Software Maintenance",
  pages = "75--92",
  volume = 10,
  year = 1998		  
}

@article{Kli93.meta,
   author       = {P. Klint},
   title        = {A meta-environment for
                   generating programming environments},
   journal      = {ACM Transactions on Software Engineering and Methodology},
   volume       = {2},
   year         = {1993},
   pages        = {176--201}
}
 
@inproceedings{BSV97,
  author      = "Brand, {M.G.J. van den} and Sellink, M.P.A. and Verhoef, C.",
  title       = {Generation of Components for Software Renovation Factories
                     from Context-free Grammars},
  editor      = {I.D. Baxter and A. Quilici and C. Verhoef},
  booktitle   = {Proceedings of the Fourth Working Conference on
                  Reverse Engineering},
  year        = {1997},
  pages        = {144--153}
}

@TechReport{BOHK98,
author = "Brand, {M.G.J. van den} and P. Olivier and J. Heering and P.
Klint",
title = "{C}ompiling {R}ewrite {S}ystems: {T}he {A}{S}{F}+{S}{D}{F} {C}ompiler",
institution =  "CWI/University of Amsterdam",
year = 1998,
note = "In preparation"
}

@TechReport{BJO98,
author = "Brand, {M.G.J. van den} and Jong, {H.J. de} and P. Olivier",
title = "{E}fficient {A}nnotated {T}erms",
institution =  "University of Amsterdam",
year = 1998,
note = "In preparation"
}

